@online{spdk,
  title={{SPDK}},
  note={\url{https://spdk.io}}
}

@online{testfs,
  title={{TestFS filesystem}},
  note={\url{https://github.com/shehbazj/testfs}}
}

@online{pcie,
  title={{Specifications PCIe}},
  note={\url{https://pcisig.com/specifications}}
}

@online{nvme,
  title={{Specifications NVMe}},
  note={\url{https://nvmexpress.org/resources/specifications/}}
}
